@book{labguide,
    author    = "Jeff C. Jensen and Edward A. Lee and Sanjit A. Seshia",
    title     = "An Introductory Lab in Embedded and Cyber-Physical Systems",
    year      = "2014",
    pages     = "20-38",
    publisher = {Lee Seshia Organisation},
    note      = {\url{http://leeseshia.org/lab}}
}
 
@manual{kobukisensors,
    author    = {Daniel Stonier and Younghun Ju and Jorge Santos Simon},
    title     = {Appendix : Protocol Specification},
    year      = 2017,
    version   = {1.1.0},
    note       = {\url{https://docs.google.com/document/d/15k7UBnYY_GPmKzQCjzRGCW-4dIP7zl_R_7tWPLM0zKI/edit#heading=h.avjau97l7a9r}}
}

@manual{kobuki_datasheet,
    author    = {{The Kobuki Team}},
    title     = {Kobuki User Guide},
    year      = {2017},
    note       = {\url{http://yujinrobot.github.io/kobuki/enAppendixProtocolSpecification.html#enFeedbackPackets}}
}

@manual{ADXL330,
    author  = {{Analog Devices}},
    title     = "ADXL330",
    year      = 2007,
    pagetotal = {16}
}

@manual{kobuki_spec_pic,
    author    = {{Harvard COMPSCI189}},
    title     = "Getting Started 2: ROS, Turtlebot Sensors, and Code",
    note      = {\url{https://canvas.harvard.edu/courses/37276/pages/getting-started-2-ros-turtlebot-sensors-and-code}}
}

@article{ozyagcilar, 
    title={Implementing a Tilt-Compensated eCompass using Accelerometer and Magnetometer Sensors}, note={\url{https://cache.freescale.com/files/sensors/doc/app_note/AN4248.pdf}}, 
    journal={Freescale Semiconductor}, 
    author={Talat Ozygcilar}, 
    year={2015}, 
}

@article{fisher_2011, 
    title={Using An Accelerometer for Inclination Sensing}, note={\url{https://www.digikey.com/en/articles/techzone/2011/may/using-an-accelerometer-for-inclination-sensing}}, 
    journal={DigiKey}, 
    publisher={Convergence Promotions LLC}, 
    author={Fisher, Christopher J.}, 
    year={2011}, 
    month={May}
}

@article{FSM, 
    title={Hierarchical State Machines}, note={\url{https://link.springer.com/content/pdf/10.1007/3-540-44929-9_24.pdf}}, 
    journal={Bell Laboratories}, 
    author={Mihalis Yannakakis},
    year={2000}
}

@article{codingFSM,
    author = {Miro Samek},
    title = {How to Code a State Machine in C or C++},
    journal = {Barr Group},
    year = {2016},
    month = {May},
    note={\url{https://barrgroup.com/Embedded-Systems/How-To/Coding-State-Machines}}
}

@article{structs_fnc_ptrs,
    author = {Jack Wan},
    title = {Constructing State Machines in C/C++},
    year = {2017},
    month = {October},
    journal = {Running Jack},
    note = {\url{http://jackwan.win/Constructing-State-Machines-Using-C-Rohit/}}
}

@article{FSM_reachability,
    author = {{Rajeev Alur and Mihalis Yannakakis}},
    title = {Model Checking of Hierarchical State Machines},
    journal = {ACM SIGSOFT Software Engineering Notes},
    year = {1998},
    month = {August},
    note = {\url{https://www.researchgate.net/publication/2783297_Model_Checking_of_Hierarchical_State_Machines}}
}