@article{einstein,
  author =       "Albert Einstein",
  title =        "{Zur Elektrodynamik bewegter K{\"o}rper}. ({German})
                 [{On} the electrodynamics of moving bodies]",
  journal =      "Annalen der Physik",
  volume =       "322",
  number =       "10",
  pages =        "891--921",
  year =         "1905",
  DOI =          "http://dx.doi.org/10.1002/andp.19053221004"
}

@book{labguide,
    author    = "Jeff C. Jensen, Edward A. Lee, and Sanjit A. Seshia",
    title     = "An Introductory Lab in Embedded and Cyber-Physical Systems",
    year      = "2014",
    pages     = "20-38",
    url       = "http://leeseshia.org/lab"
}
 
@misc{kobukisensors,
    author    = "Daniel Stonier , Younghun Ju , Jorge Santos Simon",
    title     = "Appendix : Protocol Specification",
    year      = "2017",
    version   = "1.1.0",
    url       = "https://docs.google.com/document/d/15k7UBnYY_GPmKzQCjzRGCW-4dIP7zl_R_7tWPLM0zKI/edit#heading=h.avjau97l7a9r"
}

@misc{kobuki_datasheet,
    author    = "The Kobuki Team",
    title     = "Kobuki User Guide",
    url       = "http://yujinrobot.github.io/kobuki/enAppendixProtocolSpecification.html#enFeedbackPackets"
}

@misc{kobuki_spec_pic,
    title     = "Getting Started 2: ROS, Turtlebot Sensors, and Code",
    publisher = "Harvard COMPSCI189",
    url       = "https://canvas.harvard.edu/courses/37276/pages/getting-started-2-ros-turtlebot-sensors-and-code"
}

@misc{fisher_2011, 
title={Using An Accelerometer for Inclination Sensing}, url={https://www.digikey.com/en/articles/techzone/2011/may/using-an-accelerometer-for-inclination-sensing}, 
journal={DigiKey}, 
publisher={Convergence Promotions LLC}, 
author={Fisher, Christopher J.}, 
year={2011}, 
month={May}
}